<?xml version="1.0" encoding="UTF-8"?><collection xmlns="http://www.loc.gov/MARC21/slim"><record><leader>00491nam--2200169-i-4500</leader><controlfield tag="001">000033734</controlfield><controlfield tag="002">20161230</controlfield><controlfield tag="005">20161230201039</controlfield><controlfield tag="008">060222s1000------------r-----000-0-eng-d</controlfield><datafield ind1=" " ind2=" " tag="040"><subfield code="a">IFIN-HH</subfield></datafield><datafield ind1=" " ind2=" " tag="080"><subfield code="a">621.38(038)=20:801.323.1=20</subfield></datafield><datafield ind1="1" ind2=" " tag="100"><subfield code="a">Neidhardt, Peter</subfield></datafield><datafield ind1="1" ind2="0" tag="245"><subfield code="a">Technical dictionary of electronics, elektronik, electronique, elektronika</subfield><subfield code="c">Neidhardt, peter</subfield></datafield><datafield ind1=" " ind2=" " tag="260"><subfield code="a">Oxford</subfield><subfield code="b">Pergamon Press</subfield><subfield code="c">1966</subfield></datafield><datafield ind1=" " ind2=" " tag="300"><subfield code="a">1660P</subfield></datafield><datafield ind1=" " ind2=" " tag="852"><subfield code="a">D.429</subfield><subfield code="c">SLT</subfield></datafield><datafield ind1=" " ind2=" " tag="CAT"><subfield code="a">Sys</subfield><subfield code="c">20130226</subfield><subfield code="h">133141</subfield></datafield></record></collection>